@string(RED="Review of Economic Dynamics")
@string(JME="Journal of Monetary Economics")
@string(JAE="Journal of Applied Econometrics")
@string(JEDC="Journal of Economic Dynamics and Control")
@string(AER="American Economic Review")
@string(JMCB="Journal of Money, Credit and Banking")
@string(RES="Review of Economics and Statistics");

@unpublished{kimkim,
  author="Insu Kim and Minsoo Kim",
  title="Irrational Bias in Inflation Forecasts",
  note="Mimeo",
  year=2009
}

@article{svensson2005,
  author="Lars E. O. Svensson",
  title="Monetary Plicy with Judgment: Forecast Targeting",
  journal="International Journal of Central Banking",
  volume=1,
  issue=1,
  year=2005
}

@article{rsw1997,
  author="David L. Reifschneider and David J. Stockton and David W. Wilcox",
  title="Econometric Models and the Monetary Policy Process",
  journal="Carnegie-Rochester Conference Series on Public Policy",
  volume=47,
  pages="1-37",
  year=1997
}

@article{bullardmitra2007,
  author="James Bullard and Kaushik Mitra",
  title="Determinacy, Learnability, and Monetary Policy Inertia",
  journal=JMCB,
  volume=39,
  pages="1177-1212",
  year=2007
}

@article{bullardmitra2002,
  author="James Bullard and Kaushik Mitra",
  title="Learning About Monetary Policy Rules",
  journal=JME,
  volume=46,
  pages="1105-1129",
  year=2002
}

@article{bullardeusepi2005,
  author="James Bullard and Stefano Eusepi",
  title="Did the Great Inflation Occur Despite Poicymaker Commitment to a Taylor Rule?",
  journal=RED,
  volume=8,
  pages="324-359",
  year=2005
}

@article{eh2003,
  author="George W. Evans and Seppo Honkapohja",
  title="Expectations and the Stability Problem for Optimal Monetary Policies",
  journal=RES,
  volume=70,
  pages="807-824",  
  year=2003
}

@article{eh2003b,
  author="George W. Evans and Seppo Honkapohja",
  title="Adaptive Learning and Monetary Policy Design",
  journal=JMCB,
  volume=35,
  pages="1045-1072",  
  year=2003
}

@article{beh2008,
  author="James Bullard and George W. Evans and Seppo Honkapohja",
  title="Monetary Policy, Judgment and Near-Rational Exuberance",
  journal=AER,
  volume=98,
  pages="1163-1177",
  year=2008
}

@article{beh2010,
  author="James Bullard and George W. Evans and Seppo Honkapohja",
  title="A Model of Near-Rational Exuberance",
  journal="Macroeconomic Dynamics",
  pages="1-23",
  year=2010
}

@unpublished{bullardsingh,
  author="James Bullard and Aarti Singh",
  title="Learning and the Great Moderation",
  note="Federal Reserve Bank of St. Louis Working Paper Series",
  year=2007
}

@article{calvo1983,
  author="Guillermo A. Calvo",
  title="Staggered Prices in a Utility Maximizing Framework",
  journal=JME,
  volume=12,
  pages="383-398",
  year=1983
}

@unpublished{carcelespoveda2005,
  author="Ava Carceles-Poveda and Chryssi Giannitsarou",
  title="Adaptive Learning in Practice",
  note="Working Paper",
  month="October",
  year=2005
}

@book{evanshonka2001,
  author="George W. Evans and Seppo Honkapohja",
  title="Learning and Expectations in Macroeconomics",
  publisher="Princeton University Press",
  year=2001
}

@unpublished{evanshonka2008,
  author="George W. Evans and Seppo Honkapohja",
  title="Expectations, Learning and Monetary Policy: An Overview of Recent Research",
  note="Centre for Dynamic Macroeconomic Analysis Working Paper CDMA08/02",
  month="January",
  year=2008
}


@article{fuhrer2000,
  author="Jeffrey C. Fuhrer",
  title="Habit Formation in Consumption and its Implications for Monetary-Policy Models",
  journal=AER,
  volume=90,
  pages="367-390",
  year=2000
}

@misc{giannoni_woodford_2003,
  author="Marc P. Giannoni and Michael Woodford",
  title="Optimal Inflation Targeting Rules",
  howpublished="In: Beernanke, B.S. and M. Wordford (Eds.), \underline{Inflation Targeting}.  University of Chicago Press.",
  year=2003
}

@book{hamilton,
  author="James Hamilton",
  title="Time Series Analysis",
  publisher="Princeton University Press",
  year=1994
}

@unpublished{ireland2003,
  author="Peter N. Ireland",
  title="Irrational Expectations and Econometric Practice",
  note="Federal Reserve Bank of Atlanta Working Paper 2003-22",
  month="October",
  year=2005
}

@article{ireland2004,
  author="Peter N. Ireland",
  title="A method for taking models to the data",
  journal=JEDC,
  volume=28,
  pages="1205-1226",
  year=2004
}

@article{ireland_tech_2004,
  author="Peter N. Ireland",
  title="Technology Shocks in the New Keynesian Model",
  journal=RES,
  volume=84,
  pages="923-936",
  year=2004
}

@article{jong1989,
  author="Piet de Jong",
  title="Smoothing and Interpolation with the State-Space Model",
  journal="Journal of the American Statistical Association",
  volume=84,
  pages="1085-1088",
  year=1989
}

@article{marcetsargent1989,
  author="Albert Marcet and Thomas J. Sargent",
  title="Convergence of Least-Squares Learning in Environments with Hidden State Variables and Private Information",
  journal="Journal of Political Economy",
  volume=6,
  pages="1306-1322",
  year=1989
}

@article{ls2004,
  author="Thomas Lubik and Frank Schorfheide",
  title="Testing for Indeterminacy: An Application to U.S. Monetary Policy",
  journal=AER,
  volume=94,
  pages="190-217",
  year=2004
}


@unpublished{milani2005,
  author="Fabio Milani",
  title="Learning, Monetary Policy Rules, and Macroeconomic Stability",
  note="Working Paper",
  month="July",
  year=2005
}

@article{milani2007,
  author="Fabio Milani",
  title="Expectations, Learning and Macroeconomic Persistence",
  journal=JME,
  volume=54,
  issue=7,
  pages="2065-2082",
  year=2007
}

@unpublished{murray2009init,
  author="James M. Murray",
  title="Initial Expectatations in New Keynesian Models with Learning",
  note="Mimeo",
  year=2009
}

@unpublished{murray2009switch,
  author="James M. Murray",
  title="Regime Switching, Learning, and the Great Moderation",
  note="Mimeo",
  year=2009
}

@unpublished{slobodyan_wouters_2007,
  author="Sergey Slobodyan and Raf Wouters",
  title="Learning in an Estimated Medium-Sized DSGE Model",
  note="Mimeo",
  year=2007
}

@unpublished{slobodyan_wouters_2008,
  author="Sergey Slobodyan and Raf Wouters",
  title="Estimating a Medium-Scale DSGE Model with Expectations Based on Small Forecasting Models",
  note="Mimeo",
  year=2008
}

@unpublished{nasonsmith2005,
  author="James M. Nason and Gregor W. Smith",
  title="Identifying the New Keynesian Phillips Curve",
  note="Queen's Economics Department Working Paper No. 1026",
  year=2005
}

@article{ow2005,
  author="Athanasios Orphanides and John C. Williams",
  title="Inflation Scares and Forecast-Based Monetary Policy",
  journal=RED,
  volume=8,
  pages="498-527",
  year=2005
}

@article{ow2005b,
  author="Athanasios Orphanides and John C. Williams",
  title="Decline of Activist Stabilization Policy: Natural Rate Misperceptions, Learning, and Expectations",
  journal=JEDC,
  volume=29,
  pages="1927-1950",
  year=2005
}

@article{preston2005,
  author="Bruce Preston",
  title="Learning About Monetary Policy Rules when Long-Run Horizon Expectations Matter",
  journal="International Journal of Central Banking",
  volume=1,
  issue=2,
  pages="81-126",
  year=2005
}


@article{primiceri2006,
  author="Giorgio E. Primiceri",
  title="Why Inflation Rose and Fell: Policymakers' Beliefs and US Postwar Stabilization Policy",
  journal="Quarterly Journal of Economics",
  volume=121,
  pages="867-901",
  year=2006
}

@article{roberts1995,
  author="John M. Roberts",
  title="New Keynesian Economics and the Phillips Curve",
  journal=JMCB,
  volume=27,
  pages="975-984",
  year=1995
}

@article{rotemberg1982,
  author="Julio Rotemberg",
  title="Sticky Prices in the United States",
  journal="Journal of Political Economy",
  volume=90,
  pages="1187-1211",
  year=1982
}

@misc{rotwood1997,
  author="Julio Rotemberg and Michael Woodford",
  title="An Optimization Based Econometric Framework for the Evaluation of Monetary Policy",
  howpublished="In: Bernanke, B.S. and J. Rotemberg (Eds.), \underline{NBER Macroeconomics Annual}.  MIT Press.",
  year=1997
}

@book{sargent1999,
  author="Thomas J. Sargent",
  title="Conquest of American Inflation",
  publisher="Princeton University Press",
  address="Princeton",
  year=1999
}

@book{sargent1993,
  author="Thomas J. Sargent",
  title="Bounded Rationality in Macroeconomics",
  publisher="Oxford University Press",
  address="Oxford",
  year=1993
}


@unpublished{simsmethod,
  author="Christopher Sims",
  title="Solving Linear Rational Expectations Models",
  month="January",
  note="Unpublished manuscript",
  year=2000
}

@article{smetswouters2005,
  author="Frank Smets and Raf Wouters",
  title="Comparing Shocks and Frictions in U.S. and Euro Area Business Cycles: A Bayesian DSGE Approach",
  journal="Journal of Applied Econometrics",
  volume=20,
  pages="161-183",
  year=2005
}

@article{smetswouters2003,
  author="Frank Smets and Raf Wouters",
  title="An Estimated Stochastic Dynamic General Equilibrium Model of the Euro Area",
  journal="Journal of the European Economic Assocation",
  volume=1,
  pages="1123-1175",
  year=2003
}

@article{smetswouters2007,
  author="Frank Smets and Rafael Wouters",
  title="Shocks and Frictions in US Business Cycles: A Bayesian DSGE Approach",
  journal=AER,
  volume=97,
  pages="586-606",
  year=2007
}

@article{taylor1993,
  author="John Taylor",
  title="Discretionary Versus Policy Rules in Practice",
  journal="Carnegie-Rochester Conference Series on Public Policy",
  volume=39,
  pages="195-214",
  year=1993
}

@unpublished{williams2003,
  author="Noah Williams",
  title="Adaptive Learning and Business Cycles",
  note="Working paper",
  year=2003
}

@book{woodford2003,
  author="Michael Woodford",
  title="Interest and Prices",
  publisher="Princeton University Press",
  year=2003
}


@unpublished{mccallum1997,
  author="Bennet T. McCallum",
  title="Issues in the Design of Monetary Policy Rules",
  note="NBER Working Paper No. 6016",
  month="April",
  year=1997
}